11111111111111111111111111111111111111111111111111111111111111111111111111111111
222222222222222222222222222222222222222222222222222222222222222222222222222222222
3333333333333333333333333333333333333333333333333333333333333333333333333333333333
44444444444444444444444444444444444444444444444444444444444444444444444444444444444
555555555555555555555555555555555555555555555555555555555555555555555555555555555555
666666666666666666666666666666666666666666666666666666666666666666666666666666666666
77777777777777777777777777777777777777777777777777777777777777777777777777777777777
8888888888888888888888888888888888888888888888888888888888888888888888888888888888
999999999999999999999999999999999999999999999999999999999999999999999999999999999
00000000000000000000000000000000000000000000000000000000000000000000000000000000





--------------------------
Test results:
Line 2 has 81 characters
Line 3 has 82 characters
Line 4 has 83 characters
Line 5 has 84 characters
Line 6 has 84 characters
Line 7 has 83 characters
Line 8 has 82 characters
Line 9 has 81 characters